@techreport{lamport_signature_scheme_1979,
author = {Lamport, Leslie},
title = {Constructing Digital Signatures from a One Way Function},
year = {1979},
month = {October},
edition = {SRI International},
number = {CSL-98},
note = {This paper was published by IEEE in the Proceedings of HICSS-43 in January, 2010.},
}


@incollection{book_pqc_bernstein_2004,
  author      = "Johannes Buchmann, Erik Dahmen, Michael Szydlo",
  title       = "Hash-based Digital Signature Schemes",
  editor      = "Daniel J. Bernstein, Johannes Buchmann, Erik Dahmen",
  booktitle   = "Post-Quantum Cryptography",
  publisher   = "Springer-Verlag Berlin Heidelberg",
  year        = 2009,
  pages       = "35 - 93",
}

@Article{cha:bg_hashfunctoins_Stinson2006,
author={Stinson, D. R.},
title={Some Observations on the Theory of Cryptographic Hash Functions},
journal={Designs, Codes and Cryptography},
year={2006},
month={Feb},
day={01},
volume={38},
number={2},
pages={259-277},
issn={1573-7586},
doi={10.1007/s10623-005-6344-y},
}

@book{cha:bg_hashfunctions_thesis_matusiewicz2007,
  title={Analysis of Modern Dedicated Cryptographic Hash Functions},
  author={Matusiewicz, Krystian},
  year={2007},
  publisher={Macquarie University}
}
